<?xml version="1.0" encoding="UTF-8"?><collection xmlns="http://www.loc.gov/MARC21/slim"><record><leader>00504nam--2200181-i-4500</leader><controlfield tag="001">000017248</controlfield><controlfield tag="002">20161230</controlfield><controlfield tag="005">20170212000834</controlfield><controlfield tag="008">060222s1000------------r-----000-0-eng-d</controlfield><datafield ind1=" " ind2=" " tag="020"><subfield code="a">92-826-4</subfield></datafield><datafield ind1=" " ind2=" " tag="080"><subfield code="a">341.127(4):001.89</subfield></datafield><datafield ind1=" " ind2=" " tag="100"><subfield code="a">Lahlou, S</subfield></datafield><datafield ind1=" " ind2=" " tag="245"><subfield code="a">A guideline for survey-techniques in evaluation of research</subfield></datafield><datafield ind1=" " ind2=" " tag="260"><subfield code="a">Office For Official Publications Of The European Communities</subfield><subfield code="c">1992</subfield></datafield><datafield ind1=" " ind2=" " tag="300"><subfield code="a">72 p</subfield></datafield><datafield ind1=" " ind2=" " tag="490"><subfield code="a">Eur 14.339 En</subfield></datafield><datafield ind1=" " ind2=" " tag="852"><subfield code="a">80190</subfield></datafield><datafield ind1=" " ind2=" " tag="CAT"><subfield code="a">SYS</subfield><subfield code="c">20170212</subfield><subfield code="h">000834</subfield></datafield></record></collection>